@article{15643930,
  title = {{Relevance of ammonium oxidation within biological soil crust communities.}},
  date = {2005 Jan},
  source = {Environ Microbiol},
  authors = {Johnson, SL and Budinoff, CR and Belnap, J and Garcia-Pichel, F},
  author = {Johnson, SL and Budinoff, CR and Belnap, J and Garcia-Pichel, F},
  year = {2005},
  month = {},
  jounal = {Environ Microbiol},
  volume = {7},
  number = {},
  pages = {1-12},
  pubmed_id = {15643930},
}


@article{21349862,
  title = {{PrimerProspector: de novo design and taxonomic analysis of barcoded polymerase chain reaction primers.}},
  date = {2011 Apr 15},
  source = {Bioinformatics},
  authors = {Walters, WA and Caporaso, JG and Lauber, CL and Berg-Lyons, D and Fierer, N and Knight, R},
  author = {Walters, WA and Caporaso, JG and Lauber, CL and Berg-Lyons, D and Fierer, N and Knight, R},
  year = {2011},
  month = {Apr},
  jounal = {Bioinformatics},
  volume = {27},
  number = {},
  pages = {1159-61},
  pubmed_id = {21349862},
}


@article{23955772,
  title = {{UPARSE: highly accurate OTU sequences from microbial amplicon reads.}},
  date = {2013 Oct},
  source = {Nat Methods},
  authors = {Edgar, RC},
  author = {Edgar, RC},
  year = {},
  month = {},
  jounal = {Nat Methods},
  volume = {10},
  number = {},
  pages = {996-8},
  pubmed_id = {23955772},
}
